@book{silverman_2009_the,
  author = {Silverman, Joseph H},
  publisher = {Springer-Verlag},
  title = {The Arithmetic of Elliptic Curves},
  year = {2009}
}

@book{silverman_2015_rational,
  author = {Silverman, Joseph H and Tate, John},
  publisher = {Springer},
  title = {Rational points on Elliptic Curves},
  year = {2015}
}

@book{hartshorne_2010_algebraic,
  author = {Hartshorne, Robin},
  publisher = {Springer},
  title = {Algebraic Geometry},
  year = {2010}
}

@misc{vakil_2017_the,
  author = {Vakil, Ravi},
  title = {The Rising Sea: foundations of Algebraic Geometry},
  url = {http://math.stanford.edu/~vakil/216blog/FOAGnov1817public.pdf},
  urldate = {2022-06-20},
  year = {2017}
}

@book{fulton_1989_algebraic,
  author = {Fulton, William},
  publisher = {Addison-Wesley},
  title = {Algebraic Curves: an introduction to algebraic geometry},
  year = {1989}
}

@book{reid_1988_undergraduate,
  author = {Reid, Miles},
  publisher = {Cambridge University Press},
  title = {Undergraduate Algebraic Geometry},
  year = {1988}
}

@misc{stevenhagen_1997_kernvak,
  author = {Stevenhagen, S. and de Smit, B.},
  title = {Kernvak Algebra},
  url = {https://websites.math.leidenuniv.nl/algebra/ellcurves.pdf},
  urldate = {2022-06-20},
  year = {1997}
}

@article{Juel1896,
author = {Juel, C.},
journal = {Mathematische Annalen},
pages = {72-104},
title = {Ueber die Parameterbestimmung von Punkten auf Curven zweiter und dritter Ordnung. Eine geometrische Einleitung in die Theorie der logarithmischen und elliptischen Functionen},
url = {http://eudml.org/doc/157783},
volume = {47},
year = {1896},
}


@misc{conifold_2016_who,
  author = {Conifold},
  title = {Who first identified the group structure of an elliptic curve?},
  url = {https://hsm.stackexchange.com/questions/5171/who-first-identified-the-group-structure-of-an-elliptic-curve},
  urldate = {2022-06-20},
  year = {2016},
  organization = {History of Science and Mathematics Stack Exchange}
}

@Article{mordell1,
 Author = {Mordell, L. J.},
 Title = {On the rational solutions of the indeterminate equations of the third and fourth degrees.},
 FJournal = {Proceedings of the Cambridge Philosophical Society},
 Journal = {Proc. Camb. Philos. Soc.},
 ISSN = {0008-1981},
 Volume = {21},
 Pages = {179--192},
 Year = {1922},
 Language = {English},
 Keywords = {11D25},
 zbMATH = {2604414},
 JFM = {48.1156.03}
}

@book{atiyah1994introduction,
  title={Introduction To Commutative Algebra},
  author={Atiyah, M.F. and MacDonald, I.G.},
  isbn={9780813345444},
  series={Addison-Wesley series in mathematics},
  url={https://books.google.co.uk/books?id=HOASFid4x18C},
  year={1994},
  publisher={Avalon Publishing}
}

@article{Poonen,
  doi = {10.48550/ARXIV.MATH/9910124},
  
  url = {https://arxiv.org/abs/math/9910124},
  
  author = {Poonen, Bjorn},
  
  keywords = {Number Theory (math.NT), Algebraic Geometry (math.AG), FOS: Mathematics, FOS: Mathematics, 11G05 (Primary) 11G35, 14G05, 14J20 (Secondary)},
  
  title = {An explicit algebraic family of genus-one curves violating the Hasse principle},
  
  publisher = {arXiv},
  
  year = {1999},
  
  copyright = {Assumed arXiv.org perpetual, non-exclusive license to distribute this article for submissions made before January 2004}
}

@inproceedings{visualization,
author = {Tao, Jun and Ma, Jun and Keranen, Melissa and Mayo, Jean and Shene, Ching-Kuang},
title = {ECvisual: A Visualization Tool for Elliptic Curve Based Ciphers},
year = {2012},
isbn = {9781450310987},
publisher = {Association for Computing Machinery},
address = {New York, NY, USA},
url = {https://doi.org/10.1145/2157136.2157298},
doi = {10.1145/2157136.2157298},
abstract = {This paper describes a visualization tool ECvisual that helps students understand and instructors teach elliptic curve based ciphers. This tool permits the user to visualize elliptic curves over the real field and over a finite field of prime order, perform arithmetic operations, do encryption and decryption, and convert plaintext to a point on an elliptic curve. The demo mode of ECvisual can be used for classroom presentation and self-study. With the practice mode, the user may go through steps in finite field computations, encryption, decryption and plaintext conversion. The user may compute the output for each operation check each answer for correctness. This helps students understand the primitive operations and how they are used in an elliptic curve cipher. The opportunity for self-study provides an instructor greater flexibility in selecting a lecture pace for this detail-filled material. Classroom evaluation was positive and very encouraging.},
booktitle = {Proceedings of the 43rd ACM Technical Symposium on Computer Science Education},
pages = {571–576},
numpages = {6},
keywords = {cryptography, visualization},
location = {Raleigh, North Carolina, USA},
series = {SIGCSE '12}
}

@article{birch,
author = {Birch, B. J.},
title = {How the Number of Points of An Elliptic Curve Over a Fixed Prime Field Varies},
journal = {Journal of the London Mathematical Society},
volume = {s1-43},
number = {1},
pages = {57-60},
doi = {https://doi.org/10.1112/jlms/s1-43.1.57},
url = {https://londmathsoc.onlinelibrary.wiley.com/doi/abs/10.1112/jlms/s1-43.1.57},
eprint = {https://londmathsoc.onlinelibrary.wiley.com/doi/pdf/10.1112/jlms/s1-43.1.57},
year = {1968}
}

@article{oort_2014_wei,
  author = {Oort, Frans},
  pages = {211},
  title = {Wei Conjectures},
  url = {http://www.nieuwarchief.nl/serie5/pdf/naw5-2014-15-3-211.pdf},
  urldate = {2022-06-20},
  volume = {1},
  year = {2014},
  journal = {Nieuw Archief Voor Wiskunde}
}


@article{riemann_1859_ueber,
  author = {Riemann, Bernard},
  title = {Ueber die Anzahl der Primzahlen unter einer gegebenen Grösse},
  year = {1859},
  journal = {Monatsberichte der Königlich Preußischen Akademie der Wissenschaften zu Berlin}
}

@Article{Artin1924,
author={Artin, E.},
title={Quadratische K{\"o}rper im Gebiete der h{\"o}heren Kongruenzen. I.},
journal={Mathematische Zeitschrift},
year={1924},
month={Dec},
day={01},
volume={19},
number={1},
pages={153-206},
issn={1432-1823},
doi={10.1007/BF01181074},
url={https://doi.org/10.1007/BF01181074}
}

@article{Hasse1936,
author = {Hasse, Helmut},
journal = {Journal für die reine und angewandte Mathematik},
keywords = {Algebra, number theory},
pages = {193-208},
title = {Zur Theorie der abstrakten elliptischen Funktionenkörper III. Die Struktur des Meromorphismenrings. Die Riemannsche Vermutung.},
url = {http://eudml.org/doc/149968},
volume = {175},
year = {1936},
}

@misc{baez_2019_the,
  author = {Baez, John},
  title = {The Riemann Hypothesis (Part 3)},
  url = {https://golem.ph.utexas.edu/category/2019/09/the_riemann_hypothesis_part_3.html},
  urldate = {2022-06-20},
  year = {2019},
  organization = {The n-Category Café}
}

@inbook{milne_2016_the,
  author = {Milne, J. S.},
  editor = {Ji, Lizhen and Oort, Frans and Yau, Shing-Tung},
  pages = {487-566},
  publisher = {International Press of Boston, Inc.},
  title = {The Riemann Hypothesis over Finite Fields: From Weil to the Present Day},
  year = {2016},
  organization = {The Legacy of Bernhard Riemann after One Hundred and Fifty Years},
  series = {The Legacy of Bernhard Riemann after One Hundred and Fifty Years}
}

@article{weil_1949_numbers,
  author = {Weil, André},
  pages = {497-508},
  title = {Numbers of Solutions of Equations in Finite Fields},
  doi = {10.1090/s0002-9904-1949-09219-4},
  urldate = {2022-06-20},
  volume = {55},
  year = {1949},
  journal = {Bulletin of the American Mathematical Society}
}

@article{deligne1,
     author = {Deligne, Pierre},
     title = {La conjecture de {Weil} : {I}},
     journal = {Publications Math\'ematiques de l'IH\'ES},
     pages = {273--307},
     publisher = {Institut des Hautes \'Etudes Scientifiques},
     volume = {43},
     year = {1974},
     zbl = {0287.14001},
     mrnumber = {49 #5013},
     language = {fr},
     url = {http://www.numdam.org/item/PMIHES_1974__43__273_0/}
}

@article{deligne2,
     author = {Deligne, Pierre},
     title = {La conjecture de {Weil} : {II}},
     journal = {Publications Math\'ematiques de l'IH\'ES},
     pages = {137--252},
     publisher = {Institut des Hautes \'Etudes Scientifiques},
     volume = {52},
     year = {1980},
     zbl = {0456.14014},
     mrnumber = {83c:14017},
     language = {fr},
     url = {http://www.numdam.org/item/PMIHES_1980__52__137_0/}
}

 @misc{gowers_2013, title={The Work of Pierre Deligne}, url={https://gowers.files.wordpress.com/2013/03/peterd.pdf}, journal={Gowers's Weblog}, author={Gowers, W. T.}, year={2013}}
 
 
@book{artin_1971_galois,
  author = {Artin, Emil},
  publisher = {University of Notre Dame},
  title = {Galois Theory: Lectures Delivered at the University of Notre Dame},
  url = {https://projecteuclid.org/ebooks/notre-dame-mathematical-lectures/Galois-Theory/toc/ndml/1175197041},
  urldate = {2022-06-20},
  volume = {2},
  year = {1971},
  organization = {Projecteuclid.org}
}

@misc{charest_2005_pollards,
  author = {Charest, Anne-Sophie},
  title = {Pollard's p-1 and Lenstra's Factoring Algorithms},
  url = {https://www.math.mcgill.ca/darmon/courses/05-06/usra/charest.pdf},
  urldate = {2022-06-20},
  year = {2005}
}

@book{koblitz_2012_a,
  author = {Koblitz, Neal},
  publisher = {Springer},
  title = {A Course in Number Theory and Cryptography},
  volume = {192-198},
  year = {2012}
}

@misc{torus,
    author = "{Wikipedia contributors}",
    title = "Torus --- {Wikipedia}{,} The Free Encyclopedia",
    year = "2022",
    howpublished = "\url{https://en.wikipedia.org/w/index.php?title=Torus&oldid=1082687949}",
    note = "[Online; accessed 22-June-2022]"
  }